% Encoding: UTF-8

%%%%%%%%%%%%%%%%%%%%%%%%%%%%%%
%TODO standardize bibliography
%%%%%%%%%%%%%%%%%%%%%%%%%%%%%%

% This paper explains the concept of industry 4.0. I use it to give examples some characteristics of i4.0
@ARTICLE{birgit01,
	author={Vogel-Heuser, Birgit and Hess, Dieter},
	journal={IEEE Transactions on Automation Science and Engineering}, 
	title={Guest Editorial Industry 4.0–Prerequisites and Visions}, 
	year={2016},
	volume={13},
	number={2},
	pages={411-413},
	keywords={Special issues and sections;Cyber-physical systems;Industries;Automation;Real-time systems},
	doi={10.1109/TASE.2016.2523639}
}

% This paper talks about how the use of multiagent systems is relevant to implement components of Industry 4.0, as well as some challenges in its implementation
@INPROCEEDINGS{sakurada01,
	author={Sakurada, Lucas and Leitão, Paulo},
	booktitle={2020 IEEE Conference on Industrial Cyberphysical Systems (ICPS)}, 
	title={Multi-Agent Systems to Implement Industry 4.0 Components}, 
	year={2020},
	volume={1},
	number={},
	pages={21-26},
	keywords={Computer architecture;Standards;Industries;Interoperability;Business;IEC Standards;Digital representation;Asset Administration Shell;I4.0 component;Multi-Agent Systems;RAMI4.0},
	doi={10.1109/ICPS48405.2020.9274745}
}

% This also talks about how some of the commercial use os MASs has never took off
@ARTICLE{karnouskos01,
	author={Karnouskos, Stamatis and Leitao, Paulo and Ribeiro, Luis and Colombo, Armando Walter},
	journal={IEEE Industrial Electronics Magazine}, 
	title={Industrial Agents as a Key Enabler for Realizing Industrial Cyber-Physical Systems: Multiagent Systems Entering Industry 4.0}, 
	year={2020},
	volume={14},
	number={3},
	pages={18-32},
	keywords={Production;Unified modeling language;Software;Real-time systems;Context modeling;Data models;Multi-agent systems},
	doi={10.1109/MIE.2019.2962225}
}

@INPROCEEDINGS{paulo01,
	author={Leitão, Paulo and Karnouskos, Stamatis and Ribeiro, Luis and Moutis, Panayiotis and Barbosa, José and Strasser, Thomas. I.},
	booktitle={IECON 2017 - 43rd Annual Conference of the IEEE Industrial Electronics Society}, 
	title={Common practices for integrating industrial agents and low level automation functions}, 
	year={2017},
	volume={},
	number={},
	pages={6665-6670},
	keywords={Manufacturing automation;Java;Software agents;Building automation;Protocols;Electronic mail},
	doi={10.1109/IECON.2017.8217164}}


% I can use this one to introduce the topic of software agents and explain how they work and their uses [state of the art]
@incollection{paulo02,
	title = {Chapter 1 - Software Agent Systems},
	editor = {Paulo Leitão and Stamatis Karnouskos},
	booktitle = {Industrial Agents},
	publisher = {Morgan Kaufmann},
	address = {Boston},
	pages = {3-22},
	year = {2015},
	isbn = {978-0-12-800341-1},
	doi = {10.1016/B978-0-12-800341-1.00001-2},
	author = {Rainer Unland},
	keywords = {Software agents, Multi-agent systems, Ontologies, Self-organization, Emergence, Swarm intelligence, Stigmergy}
}

% Has guidelines on how to integrate an intelligent system (MAS) with "low-level automation devices"
@INPROCEEDINGS{Leitao2021,
	author={Leitão, Paulo and Strasser, Thomas I. and Karnouskos, Stamatis and Ribeiro, Luis and Barbosa, José and Huang, Victor},
	booktitle={2021 22nd IEEE International Conference on Industrial Technology (ICIT)}, 
	title={Recommendation of Best Practices for Industrial Agent Systems based on the IEEE 2660.1 Standard}, 
	year={2021},
	volume={1},
	number={},
	pages={1157-1162},
	keywords={Conferences;Decision making;Cyber-physical systems;Software agents;Hardware;Standards;Manufacturing automation},
	doi={10.1109/ICIT46573.2021.9453511}}


@ARTICLE{karnouskos02,
	author={Karnouskos, Stamatis and Leitão, Paulo},
	journal={IEEE Transactions on Industrial Informatics}, 
	title={Key Contributing Factors to the Acceptance of Agents in Industrial Environments}, 
	year={2017},
	volume={13},
	number={2},
	pages={696-703},
	keywords={Industries;Hardware;Robustness;Standardization;Software agents;Automation;Cyber-physical systems;industrial agents;industrial acceptance;multiagent systems (MAS);survey},
	doi={10.1109/TII.2016.2607148}}


@article{Karnouskos2019,
	author = {Stamatis Karnouskos and Luis Ribeiro and Paulo Leitão and Arndt Luder and Birgit Vogel-Heuser},
	doi = {10.1109/ICPHYS.2019.8780360},
	isbn = {9781538685006},
	journal = {Proceedings - 2019 IEEE International Conference on Industrial Cyber Physical Systems, ICPS 2019},
	month = {5},
	pages = {17-22},
	publisher = {Institute of Electrical and Electronics Engineers Inc.},
	title = {Key directions for industrial agent based cyber-physical production systems},
	year = {2019},
}

@INPROCEEDINGS{Dust01,
	author={Dust, Lukas Johannes and Persson, Emil and Ekström, Mikael and Mubeen, Saad and Dean, Emmanuel},
	booktitle={2022 IEEE 20th International Conference on Industrial Informatics (INDIN)}, 
	title={Quantitative analysis of communication handling for centralized multi-agent robot systems using ROS2}, 
	year={2022},
	volume={},
	number={},
	pages={624-629},
	keywords={Service robots;Statistical analysis;Publishing;Computational modeling;Computer architecture;Aging;Computer crashes;Multi-agent robot system;ROS2;Scalability;Autonomous Transport Robots},
	doi={10.1109/INDIN51773.2022.9976160}
}


@INPROCEEDINGS{8972169,
	author={Rocha, Andre Dionisio and Tripa, João and Alemão, Duarte and Peres, Ricardo Silva and Barata, José},
	booktitle={2019 IEEE 17th International Conference on Industrial Informatics (INDIN)}, 
	title={Agent-based Plug and Produce Cyber-Physical Production System – Test Case}, 
	year={2019},
	volume={1},
	number={},
	pages={1545-1551},
	doi={10.1109/INDIN41052.2019.8972169}}

@INPROCEEDINGS{8591641,
	author={Leitão, Paulo and Karnouskos, Stamatis and Ribeiro, Luis and Moutis, Panayiotis and Barbosa, José and Strasser, Thomas. I.},
	booktitle={IECON 2018 - 44th Annual Conference of the IEEE Industrial Electronics Society}, 
	title={Integration Patterns for Interfacing Software Agents with Industrial Automation Systems}, 
	year={2018},
	volume={},
	number={},
	pages={2908-2913},
	doi={10.1109/IECON.2018.8591641}}

@ARTICLE{9340089,
	author={},
	journal={IEEE Std 2660.1-2020}, 
	title={IEEE Recommended Practice for Industrial Agents: Integration of Software Agents and Low-Level Automation Functions}, 
	year={2021},
	volume={},
	number={},
	pages={1-43},
	doi={10.1109/IEEESTD.2021.9340089}}

@INPROCEEDINGS{6221793,
	author={Chu, Wangwei and Li, Yingguang and Liu, Changqing and Tang, Limin},
	booktitle={Proceedings of the 2012 IEEE 16th International Conference on Computer Supported Cooperative Work in Design (CSCWD)}, 
	title={A feature-based and multi-agents-based collaborative manufacturing framework for aircraft structural parts}, 
	year={2012},
	volume={},
	number={},
	pages={30-36},
	doi={10.1109/CSCWD.2012.6221793}}

%Bottling plant part1
@ARTICLE{bottling_plant_part1,
	author={Marschall, Benedikt and Ochsenkuehn, Daniel and Voigt, Tobias},
	journal={IEEE Journal of Emerging and Selected Topics in Industrial Electronics}, 
	title={Design and Implementation of a Smart, Product-Led Production Control Using Industrial Agents}, 
	year={2022},
	volume={3},
	number={1},
	pages={48-56},
	doi={10.1109/JESTIE.2021.3117121}}


%Bottling plant part2
@ARTICLE{bottling_plant_part2,
	author={Marschall, Benedikt and Schleicher, Markus and Sollich, Axel and Becker, Thomas and Voigt, Tobias},
	journal={IEEE Journal of Emerging and Selected Topics in Industrial Electronics}, 
	title={Design and Installation of an Agent-Controlled Cyber-Physical Production System Using the Example of a Beverage Bottling Plant}, 
	year={2022},
	volume={3},
	number={1},
	pages={39-47},
	doi={10.1109/JESTIE.2021.3097941}}

@InProceedings{PRIME_plug_and_produce,
	author={Rocha, André Dionísio and Barata, Diogo	and Di Orio, Giovanni and Santos, Tiago	and Barata, José},
	editor={Camarinha-Matos, Luis M. and Baldissera, Thais A. and Di Orio, Giovanni	and Marques, Francisco},
	title={PRIME as a Generic Agent Based Framework to Support Pluggability and Reconfigurability Using Different Technologies},
	booktitle={Technological Innovation for Cloud-Based Engineering Systems},
	year={2015},
	publisher={Springer International Publishing},
	address={Cham},
	pages={101-110},
	isbn={978-3-319-16766-4},
	volume={450},
	doi={10.1007/978-3-319-16766-4_11}
}

@article{Seitz2021,
	author = {Matthias Seitz and Felix Gehlhoff and Luis Alberto Cruz Salazar and Alexander Fay and Birgit Vogel-Heuser},
	doi = {10.1007/S10845-021-01759-2},
	issn = {15728145},
	issue = {7},
	journal = {Journal of Intelligent Manufacturing},
	keywords = {Adaptable factory,Industry 4.0,Multi-agent systems,Order controlled production},
	month = {10},
	pages = {2023-2041},
	publisher = {Springer},
	title = {Automation platform independent multi-agent system for robust networks of production resources in industry 4.0},
	volume = {32},
	year = {2021},
}

@INPROCEEDINGS{10084891,
	author={Alejano, Fernando Lobato and Iglesia, Daniel H. de la and Mateos, Mariano Raboso and Rivero, Alfonso J. López and Leithardt, Valderi Reis Quietinho},
	booktitle={2023 6th Conference on Cloud and Internet of Things (CIoT)}, 
	title={Enhancing the interoperability of heterogeneous hardware in the Industry: a Multi-Agent System Proposal}, 
	year={2023},
	volume={},
	number={},
	pages={157-162},
	doi={10.1109/CIoT57267.2023.10084891}
}

@article{LEITAO201611,
	title = {Industrial automation based on cyber-physical systems technologies: Prototype implementations and challenges},
	journal = {Computers in Industry},
	volume = {81},
	pages = {11-25},
	year = {2016},
	note = {Emerging ICT concepts for smart, safe and sustainable industrial systems},
	issn = {0166-3615},
	doi = {10.1016/j.compind.2015.08.004},
	author = {Paulo Leitão and Armando Walter Colombo and Stamatis Karnouskos},
	keywords = {Collaborative automation, Cyber-physical systems, Multi-agent systems, Service-oriented architectures, Self-organization, Next generation of industrial systems}
}

@article{CARDIN201911,
	title = {Classification of cyber-physical production systems applications: Proposition of an analysis framework},
	journal = {Computers in Industry},
	volume = {104},
	pages = {11-21},
	year = {2019},
	issn = {0166-3615},
	doi = {10.1016/j.compind.2018.10.002},
	author = {Olivier Cardin},
	keywords = {Cyber-physical production systems, Classification, Cognition, Framework, Human factor, Manufacturing control}
}

@INPROCEEDINGS{8328326,
	author={Arjoni, Diego Hernandez and Madani, Fernando Silveira and Ikeda, Guilherme and Carvalho, Gustavo de M. and Cobianchi, Loredana B. and Ferreira, Luiz F. L. R. and Villani, Emília},
	booktitle={2017 2nd International Conference on Cybernetics, Robotics and Control (CRC)}, 
	title={Manufacture Equipment Retrofit to Allow Usage in the Industry 4.0}, 
	year={2017},
	volume={},
	number={},
	pages={155-161},
	keywords={Industries;Service robots;Layout;Production facilities;Protocols;industry 4.0;retrofit;low-cost;virtual commissioning;advanced manufacture},
	doi={10.1109/CRC.2017.46}}


% This website has a few examples of the model of Industry 4.0 being used by various companies, with some levels of succes
@misc{rit01,
	title = {Industry 4.0 Case Studies (curated)},
	url = {https://www.rit.edu/advancedmanufacturing/industry40/course/industry-40-case-studies-curated},
	author = {RIT editors}
}

@misc{JADE_website,
	title = {Jade Site | Java Agent DEvelopment Framework},
	url = {https://jade.tilab.com/},
}

@misc{OPCUA_website,
	title = {Unified Architecture - OPC Foundation},
	url = {https://opcfoundation.org/about/opc-technologies/opc-ua/},
	author = {The OPC Foundation}
}

@misc{FIPA_website,
	title = {Welcome to the Foundation for Intelligent Physical Agents},
	url = {http://www.fipa.org/},
	author = {The Foundation for Intelligent Physical Agents}
}